% This file was created with JabRef 2.9.2.
% Encoding: Cp1252

@MISC{Ackerman:2012,
  author = {Ackerman, B., and J. Nou},
  title = {Texas' poll tax in disguise},
  howpublished = {\url{http://www.latimes.com/news/opinion/commentary/la-oe-ackerman-texas-poll-tax-20120715,0,6684651.story}},
  month = {15 July},
  year = {2012},
  note = {Los Angeles Times},
  organization = {Los Angeles Times}
}

@BOOK{Alexander:2012,
  title = {The New Jim Crow},
  publisher = {The New Press},
  year = {2012},
  author = {Alexander, M.},
  address = {New York, NY}
}

@ARTICLE{Alth:2009,
  author = {Alth, S.},
  title = {ID at the Polls: Assessing the Impact of Recent State Voter ID Laws
	on Voter Turnout},
  journal = {Harvard Law and Policy Review},
  year = {2009},
  volume = {Vol. 3},
  pages = {185-202},
  number = {Issue 1}
}

@BOOK{Alvarez:2008,
  title = {Election Fraud},
  publisher = {Brookings Institution},
  year = {2008},
  author = {Alvarez, R.M., and T.E. Hall, and S.D. Hyde},
  address = {Washington, D.C.}
}

@ARTICLE{Atkeson:2009,
  author = {Atkeson, L.R., and L.A. Bryant, and T.E. Hall, and K. Saunders, and
	R.M. Alvarez},
  title = {A New Barrier to Participation: Heterogeneous Application of Voter
	Identification Policies},
  journal = {Electoral Studies},
  year = {2009},
  pages = {66-73}
}

@ARTICLE{Behrens:2003,
  author = {Behrens, A., and C. Uggen, and J. Manza},
  title = {Ballot Manipulation and the \"Menace of Negro Domination\": Racial
	Threat and Felon Disenfranchisement in the United States, 1850-2002},
  journal = {American Journal of Sociology},
  year = {2003},
  volume = {Vol. 109},
  pages = {559-605},
  number = {No. 3}
}

@ARTICLE{Berry:1998,
  author = {Berry, W.D., E.J. Ringquist, R.C. Fording, and R.L. Hanson},
  title = {Measuring Citizen and Government Ideology in the American States,
	1960-93},
  journal = {American Journal of Political Science},
  year = {1998},
  volume = {42},
  pages = {327-48},
  number = {1},
  month = {Jan},
  owner = {Kellen},
  timestamp = {2013.09.25}
}

@BOOK{Jones:2004,
  title = {Event History Modeling: A Guied for Social Scientists},
  publisher = {Cambridge University Press},
  year = {2004},
  author = {Box-Steffensmeier, J.M., and B.S. Jones},
  address = {New York, NY},
  edition = {2011}
}

@ARTICLE{Brady:1995,
  author = {Brady, Henry E., and Sidney Verba, and Kay Lehman Schlozman},
  title = {Beyond SES: A Resource Model of Political Participation},
  journal = {American Political Science Review},
  year = {1995},
  volume = {Vol. 89},
  pages = {271-294},
  number = {No. 2},
  month = {June},
  owner = {Kellen},
  timestamp = {2013.08.29}
}

@TECHREPORT{Brennan:2006,
  author = {{Brennan Center for Justice}},
  title = {Citizens Without Proof: A Survey of Americans' Possession of Documentary
	Proof of Citizenship and Photo Identification},
  institution = {NYU School of Law},
  year = {2006},
  type = {Report of Survey Data},
  address = {New York, NY},
  howpublished = {Report of Survey Data, New York: NYU School of Law}
}

@ARTICLE{Campbell:2006,
  author = {Campbell, David E.},
  title = {Religious "Threat" in Contemporary Presidential Elections},
  journal = {The Journal of Politics},
  year = {2006},
  volume = {Vol. 68},
  pages = {104-115},
  number = {No. 1},
  month = {February},
  owner = {Kellen},
  timestamp = {2013.08.29}
}

@ARTICLE{Campbell:2011,
  author = {Campbell, David, and Robert D. Putnam},
  title = {America's Grace: How a Tolerant Nation Bridges Its Religious Divides},
  journal = {Political Science Quarterly},
  year = {2011},
  volume = {Vol. 126},
  pages = {611-640},
  number = {No. 4},
  month = {Winter},
  owner = {Kellen},
  timestamp = {2013.08.29}
}

@BOOK{Campbell:2005,
  title = {Deliver The Vote},
  publisher = {Carroll \& Graf Publishers},
  year = {2005},
  author = {Campbell, T.},
  address = {New York, NY}
}

@MISC{Celock:2013,
  author = {Celock, J.},
  title = {Randy Rolston to Challenege Kansas Secretary of State Kris Kobach
	in 2014},
  howpublished = {\url{http://www.huffingtonpost.com/2013/02/12/randy-rolston-kansas\_n\_2670192.html}},
  month = {12 February},
  year = {2013},
  note = {Huffington Post Online},
  organization = {Huffington Post Online}
}

@MISC{Colson:2012,
  author = {Colson, A.},
  title = {Former Florida GOP chairman's honest confession or political retaliation},
  howpublished = {\url{http://www.examiner.com/article/former-florida-gop-chairman-s-honest-confession-or-political-retaliation}},
  month = {26 November},
  year = {2012},
  note = {The Examiner},
  organization = {The Examiner}
}

@ARTICLE{Dehejia:2002,
  author = {Dehejia, Rajeev H., and Sadek Wahba},
  title = {Propensity Score-Matching Methods for Nonexperimental Causal Studies},
  journal = {The Review of Economics and Statistics},
  year = {2002},
  volume = {Vol. 84},
  pages = {151-161},
  number = {No. 1},
  month = {February},
  owner = {Kellen},
  timestamp = {2013.08.29}
}

@MISC{Demby:2012,
  author = {Demby, G.},
  title = {Pennsylvania Voter ID Law: Mike Turzai Repeats Debunked Myth About
	Election Fraud},
  howpublished = {\url{http://www.huffingtonpost.com/2012/08/16/pennsylvania-voter-id-law\_n\_1790844.html}},
  month = {16 August},
  year = {2012},
  note = {Huffington Post Online},
  organization = {Huffington Post Online}
}

@ARTICLE{Diamond:2013,
  author = {Diamond, Alexis, and Jasjeet S. Sekhon},
  title = {Genetic Matching for Estimating Causal Effects: A General Multivariate
	Matching Method for Achieving Balance in Observational Studies},
  journal = {Review of Economics and Statistics},
  year = {2013},
  volume = {Vol. 95},
  pages = {932-945},
  number = {No. 3},
  owner = {Kellen},
  timestamp = {2013.08.29}
}

@BOOK{Downs:1957,
  title = {An Economic Theory of Democracy},
  publisher = {Harper and Row},
  year = {1957},
  author = {Downs, A.},
  edition = {1st Edition}
}

@ARTICLE{Dunaway:2011,
  author = {Dunaway, J., and R.K. Goidel, and A. Kirzinger, and B.C. Wilkinson},
  title = {Rebuilding or Intruding? Media Coverage and Public Opinion on Lation
	Immigration in Post-Katrina Louisiana},
  journal = {Social Science Quarterly},
  year = {2011},
  pages = {917-937},
  month = {December}
}

@BOOK{Fund:2004,
  title = {Stealing Elections},
  publisher = {Encounter Books},
  year = {2004},
  author = {Fund, J.},
  address = {San Fransisco, CA}
}

@TECHREPORT{Gaskins:2012,
  author = {Gaskins, K., and S. Iyer},
  title = {The Challenge of Obtaining Voter Identification},
  institution = {Brennan Center For Justice},
  year = {2012},
  address = {New York, NY}
}

@BOOK{Gerston:2010,
  title = {Public Policy Making: Process and Principles},
  publisher = {M.E. Sharpe},
  year = {2010},
  author = {Gerston, L.N.},
  address = {Armonk, NY}
}

@BOOK{Gumbel:2005,
  title = {Steal This Vote: Dirty Elections and the Rotten History of Democracy
	in America},
  publisher = {Nation Books},
  year = {2005},
  author = {Gumbel, A.},
  address = {New York, NY}
}

@BOOK{Haidt:2012,
  title = {The Righteous Mind: Why Good People are Divided by Politics and Religion},
  publisher = {Vintage Books},
  year = {2012},
  author = {Haidt, Jonathan},
  address = {New York, NY},
  owner = {Kellen},
  timestamp = {2013.08.29}
}

@ARTICLE{Hayes:2010,
  author = {Hayes, D., and M. Guardino},
  title = {Whose Views Made the News? Media Coverage and the March to War in
	Iraq},
  journal = {Political Communication},
  year = {2010},
  volume = {Vol. 27},
  pages = {59-87},
  number = {Issue 1}
}

@ARTICLE{Herron:2007,
  author = {Herron, Michael C., and Jonathan Wand},
  title = {Assessing partisan bias in voting technology: The case of the 2004
	New Hampshire Recount},
  journal = {Electoral Studies},
  year = {2007},
  volume = {Vol. 26},
  pages = {247-261},
  owner = {Kellen},
  timestamp = {2013.08.29}
}

@ARTICLE{Hershey:2009,
  author = {Hershey, M.R.},
  title = {What We Know About Voter-ID Laws, Registration, and Turnout},
  journal = {PS: Political Science \& Politics},
  year = {2009},
  volume = {Vol. 42},
  pages = {87-91},
  number = {Issue 01}
}

@BOOK{Hill:2002,
  title = {Fixing Elections},
  publisher = {Routledge},
  year = {2002},
  author = {Hill, S.},
  address = {New York, NY}
}

@ARTICLE{Hitlin:2004,
  author = {Hitlin, Steven, and Jane Allyn Piliavin},
  title = {Values: Reviving a Dormant Concept},
  journal = {Annual Review of Sociology},
  year = {2004},
  volume = {Vol. 30},
  pages = {359-93},
  owner = {Kellen},
  timestamp = {2013.08.29}
}

@ARTICLE{Hood:2012,
  author = {Hood, M.V., and C.S. Bullock},
  title = {Much Ado About Nothing? An Empirical Assessment of the Georgia Voter
	Identification Statute},
  journal = {State Politics and Policy Quarterly},
  year = {2012},
  pages = {394-414}
}

@ARTICLE{Huck:2009,
  author = {Huck, I., and Q. Oliver, and H-B. Brosius},
  title = {Perceptual Phenomenon in the Agenda Setting Process},
  journal = {International Journal of Public Opinion Research},
  year = {2009},
  pages = {139-164},
  month = {Summer}
}

@BOOK{Jamieson:2003,
  title = {The Press Effect: Politicians, Journalists, and the Stories that
	Shape the Political World},
  publisher = {Oxford University Press},
  year = {2003},
  author = {Jamieson, K.H., and P. Waldman},
  address = {New York, NY}
}

@ARTICLE{Kam:2008,
  author = {Kam, Cindy D., and Carl L. Palmer},
  title = {Reconsidering the Effects of Education on Political Participation},
  journal = {The Journal of Politics},
  year = {2008},
  volume = {Vol. 70},
  pages = {612-631},
  number = {No. 3},
  month = {July},
  owner = {Kellen},
  timestamp = {2013.08.29}
}

@ARTICLE{Karakoc:2012,
  author = {Karakoc, Ekrem, and Birol Baskan},
  title = {Religion in Politics: How Does Inequality Affect Public Secularization?},
  journal = {Comparative Political Studies},
  year = {2012},
  volume = {Vol. 45},
  pages = {1510-1540},
  month = {23 August},
  owner = {Kellen},
  timestamp = {2013.08.29}
}

@BOOK{Key:1984,
  title = {Southern Politics in State and Nation},
  publisher = {University of Tennessee Press},
  year = {1949},
  author = {Key Jr., V O},
  address = {Knoxville},
  edition = {1984}
}

@BOOK{Key:1964,
  title = {Politics, Parties \& Pressure Groups},
  publisher = {Thomas Y. Crowell Company, Inc.},
  year = {1942},
  author = {Key Jr., V O},
  address = {New York},
  edition = {1964}
}

@BOOK{Keyssar:2000,
  title = {The Right to Vote},
  publisher = {Basic Books},
  year = {2000},
  author = {Keyssar, A.},
  address = {New York, NY}
}

@ARTICLE{Kiousis:2010,
  author = {Kiousis, S.},
  title = {Agenda-Setting and Attitudes},
  journal = {Journalism Studies},
  year = {2010},
  pages = {359-374}
}

@MISC{Klarner:2013,
  author = {Klarner, C.},
  title = {Klarner Politics},
  howpublished = {\url{http://www.indstate.edu/polisci/klarnerpolitics.htm}},
  year = {2013},
  note = {Indiana State University},
  organization = {Indiana State University}
}

@BOOK{Kousser:1999,
  title = {Colorblind Injustice: Minority Voting Rights and the Undoing of the
	Second Reconstruction},
  publisher = {The University of North Carolina Press},
  year = {1999},
  author = {Kousser, J.M.},
  address = {Chapel Hill, NC}
}

@MISC{Kraus:2012,
  author = {Kraus, S., and J.L. Micek, and E. Tauber},
  title = {Seniors most affected by voter ID law},
  howpublished = {\url{http://articles.mcall.com/2012-08-18/news/mc-pa-voter-id-opinions-20120818\_1\_voter-id-law-senior-centers-ray-landis}},
  month = {18 August},
  year = {2012},
  note = {The Morning Call},
  organization = {The Morning Call}
}

@ARTICLE{McCombs:1972,
  author = {McCombs, M., and D.L. Shaw},
  title = {The Agenda-Setting Function of the Mass Media},
  journal = {Public Opinion Quarterly},
  year = {1972},
  pages = {176-87},
  number = {No. 36},
  month = {Summer}
}

@ARTICLE{McDermott:2009,
  author = {McDermott, Monika L.},
  title = {Religious Stereotyping and Voter Support for Evangelical Candidates},
  journal = {Political Research Quarterly},
  year = {2009},
  volume = {Vol. 62},
  pages = {340-354},
  number = {No. 2},
  month = {June},
  owner = {Kellen},
  timestamp = {2013.08.29}
}

@ARTICLE{McVeigh:2001,
  author = {McVeigh, Rory, and David Sikkink},
  title = {God, Politics, and Protest: Religious Beliefs and the Legitimation
	of Contentious Tactics},
  journal = {Social Forces},
  year = {2001},
  volume = {Vol. 79},
  pages = {1425-1458},
  number = {No. 4},
  month = {June},
  owner = {Kellen},
  timestamp = {2013.08.29}
}

@BOOK{Minnite:2010,
  title = {The Myth of Voter Fraud},
  publisher = {Cornell University Press},
  year = {2010},
  author = {Minnite, L.C.},
  address = {Ithaca, NY}
}

@ARTICLE{Morgan:2006,
  author = {Morgan, Stephen L., and David J. Harding},
  title = {Matching Estimators of Causal Effects: Prospects and PItfalls in
	Theory and Practice},
  journal = {Sociological Methods \& Research},
  year = {2006},
  volume = {Vol. 35},
  pages = {3-60},
  owner = {Kellen},
  timestamp = {2013.08.29}
}

@ARTICLE{Mortensen:2010,
  author = {Mortensen, P.B.},
  title = {Political Attention and Public Policy: A Study of How Agenda Setting
	Matters},
  journal = {Scandinavian Political Studies},
  year = {2010},
  pages = {356-80},
  month = {December}
}

@MISC{NCSL:2012,
  author = {{National Conference of State Legislatures}},
  title = {Voter ID Information},
  howpublished = {\url{http://www.ncsl.org/legislatures-elections/elections/voter-id.aspx}},
  year = {2012},
  note = {Accessed 29 November 2012},
  organization = {NCSL}
}

@BOOK{Orbe:2011,
  title = {Communication Realities in a "Post Racial" Society: What the U.S.
	Public Really Thinks about Barack Obama},
  publisher = {Lexington Books},
  year = {2011},
  author = {Orbe, M.},
  address = {Lanham, MD}
}

@ARTICLE{Pastor:2010,
  author = {Pastor, R.A., and R. Santos, and A. Prevost, and V. Stoilov},
  title = {Voting and ID Requirements: A Survey of Registered Voters in Three
	States},
  journal = {The American Review of Public Administration},
  year = {2010},
  pages = {461-81},
  number = {No. 40},
  month = {September}
}

@ARTICLE{Ribuffo:2006,
  author = {Ribuffo, Leo P.},
  title = {Family Policy Past As Prologue: Jimmy Carter, the White House Conference
	on Families, and the Mobilization of the New Christian Right},
  journal = {Review of Policy Research},
  year = {2006},
  volume = {Vol. 23},
  pages = {311-338},
  number = {No. 2},
  month = {April},
  owner = {Kellen},
  timestamp = {2013.08.29}
}

@BOOK{Rinquist:1999,
  title = {Policy Change in the American States},
  publisher = {Chatham House Publishers},
  year = {1999},
  editor = {Brace, P. and R.E. Weber},
  author = {Rinquist, E.J., and J.C. Garand},
  address = {New York, NY},
  key = {American State and Local Politics: Directions for the 21st Century}
}

@TECHREPORT{Rogowski:2012,
  author = {Rogowski, J.C., and C.J. Cohen},
  title = {Turning Back the Clock on Voting Rights: The Impact of New Photo
	Identification Requirements on Young People of Color},
  institution = {Black Youth Project},
  year = {2012},
  type = {Research Report of Survey Data},
  address = {Chicago, IL},
  howpublished = {Research Findings of Survey Data, Chicago: Black Youth Project}
}

@ARTICLE{Rosenbaum:1983,
  author = {Rosenbaum, Paul R., and Donald B. Rubin},
  title = {The central role of the propensity score in observational studies
	for causal effects},
  journal = {Biometrika},
  year = {1983},
  volume = {Vol. 70},
  pages = {41-55},
  number = {No. 1},
  owner = {Kellen},
  timestamp = {2013.08.29}
}

@ARTICLE{Rosenson:2003,
  author = {Rosenson, B.A.},
  title = {Against Their Apparent Self-Interest: The Authorization of Independent
	State Legislative Ethics Commissions, 1973-1996},
  journal = {State Politics and Policy Quarterly},
  year = {2003},
  volume = {Vol. 3},
  pages = {42-66},
  number = {Issue 1},
  month = {Spring}
}

@BOOK{Sampson:2011,
  title = {Great American City},
  publisher = {The University of Chicago Press},
  year = {2011},
  author = {Sampson, R.J.},
  address = {Chicago, IL}
}

@MISC{Savage:2012,
  author = {Savage, C., and M. Fernandez},
  title = {Court Blocks Texas Voter ID Law, Citing Racial Impact},
  howpublished = {\url{http://www.nytimes.com/2012/08/31/us/court-blocks-tough-voter-id-law-in-texas.html?\_r\=0}},
  month = {30 August},
  year = {2012},
  note = {The New York Times},
  organization = {The New York Times}
}

@BOOK{Scher:2011,
  title = {The Politics of Disenfranchisement: Why Is It So Hard to Vote in
	America?},
  publisher = {M.E. Sharpe},
  year = {2011},
  author = {Scher, R.K.},
  address = {New York, NY}
}

@ARTICLE{Scherer:2012,
  author = {Scherer, M., and E. Dias},
  title = {Why Lation Voters Will Swing the 2012 Election},
  journal = {Time Magazine},
  year = {2012},
  volume = {Vol. 179},
  pages = {22-29},
  number = {Issue 9},
  month = {5 March}
}

@ARTICLE{Schultz:2008,
  author = {Schultz, D.},
  title = {Less than Fundamental: The Myth of Voter Fraud and the Coming of
	the Second Great Disenfranchisement},
  journal = {William Mitchell Law Review},
  year = {2008},
  pages = {483},
  number = {No. 34}
}

@MISC{Shear:2012,
  author = {Shear, M.D.},
  title = {Demographic Shift Brings New Worry for Republicans},
  howpublished = {\url{http://www.nytimes.com/2012/11/08/us/politics/obamas-victory-presents-gop-with-demographic-test.html?pagewanted=all\&\_r\=0}},
  month = {7 November},
  year = {2012},
  note = {The New York Times},
  organization = {The New York Times}
}

@ARTICLE{Simon:2000,
  author = {Simon, A., and M. Xenos},
  title = {Media Framing and Effective Public Deliberation},
  journal = {Political Communication},
  year = {2000},
  pages = {363-376},
  month = {December}
}

@BOOK{Smith:2009,
  title = {The Public Policy Theory Primer},
  publisher = {Westview Press},
  year = {2009},
  author = {Smith, K., and C.W. Larimer},
  address = {Boulder, CO}
}

@ARTICLE{Sobel:2009,
  author = {Sobel, R., and R.E. Smith},
  title = {Voter-ID Laws Discourage Participation, Particularly among Minorities,
	and Trigger and Constitutional Remedy in Lost Representation},
  journal = {PS: Political Science \& Politics},
  year = {2009},
  pages = {107-10},
  month = {January}
}

@BOOK{Stimson:2004,
  title = {Tides of Consent: How Public Opinion Shapes American Politics},
  publisher = {Cambridge University Press},
  year = {2004},
  author = {Stimson, J.},
  address = {Cambridge, UK}
}

@TECHREPORT{DOJ:2004,
  author = {{U.S. Department of Justice}},
  title = {The Internal Effects of the Federal Bureau of Investigation's Reprioritization},
  institution = {Office of the Inspector General, Audit Division},
  year = {2004},
  number = {Audit Report 04-39},
  address = {Washington, D.C.},
  month = {September}
}

@ARTICLE{VanAelst:2006,
  author = {Van Aelst, P., and S. Walgrave},
  title = {The Contingency of the Mass Media's Political Agenda Setting Power:
	Toward a Preliminary Theory},
  journal = {Journal of Communication},
  year = {2006},
  pages = {88-109},
  month = {March}
}

@ARTICLE{Wald:2006,
  author = {Wald, Kenneth D., and Clyde Wilcox},
  title = {Getting Religion: Has Political Science Rediscovered the Faith Factor?},
  journal = {American Political Science Review},
  year = {2006},
  volume = {Vol. 100},
  pages = {523-529},
  number = {No. 4},
  month = {November},
  owner = {Kellen},
  timestamp = {2013.08.29}
}

@ARTICLE{Walzer:2004,
  author = {Walzer, Michael},
  title = {What Does It Mean to Be an "American"?},
  journal = {Social Research},
  year = {2004},
  volume = {Vol. 71},
  pages = {633-654},
  number = {No. 3},
  month = {Fall},
  owner = {Kellen},
  timestamp = {2013.08.29}
}

@MISC{Warner:2012,
  author = {Warner, B.},
  title = {Latest voter-ID data add confusion},
  howpublished = {\url{http://articles.philly.com/2012-07-05/news/32537732\_1\_voter-id-new-voter-id-cards/2}},
  month = {29 November},
  year = {2012},
  note = {The Inquirer},
  organization = {The Inquirer}
}

@ARTICLE{Winship:1999,
  author = {Winship, Christopher, and Stephen L. Morgan},
  title = {The Estimation of Causal Effects from Observational Data},
  journal = {Annual Review of Sociology},
  year = {1999},
  volume = {Vol. 25},
  pages = {659-706},
  owner = {Kellen},
  timestamp = {2013.08.29}
}

@ARTICLE{Witko:2007,
  author = {Witko, C.},
  title = {Explaining Increases in the Stringency of State Campaign Finance
	Regulation, 1993-2002},
  journal = {State Politics and Policy Quarterly},
  year = {2007},
  pages = {369-393},
  month = {Winter}
}

@MISC{Wolf:2007,
  author = {Wolf, R.},
  title = {Study: Stricter Voter ID Rules Hurt '04 Turnout},
  howpublished = {\url{www.usatoday.com/news/nation/2007-02-19-voter-id-study\_x.htm}},
  month = {19 February},
  year = {2007},
  note = {USA Today},
  organization = {USA Today}
}

@BOOK{Woodward:1951,
  title = {Origins of the New South, 1877-1913},
  publisher = {Louisiana State University},
  year = {1951},
  author = {Woodward, C.V.},
  address = {New Orleans, LA}
}

